<?xml version="1.0" encoding="UTF-8"?><collection xmlns="http://www.loc.gov/MARC21/slim"><record><leader>00554nam--2200193-i-4500</leader><controlfield tag="001">000003520</controlfield><controlfield tag="002">20161230</controlfield><controlfield tag="005">20161230201025</controlfield><controlfield tag="008">060222s1000------------r-----000-0-rus-d</controlfield><datafield ind1=" " ind2=" " tag="040"><subfield code="a">IFIN-HH</subfield></datafield><datafield ind1=" " ind2=" " tag="041"><subfield code="a">rus</subfield></datafield><datafield ind1=" " ind2=" " tag="080"><subfield code="a">621.039.53:620.92:621.311.2</subfield></datafield><datafield ind1="1" ind2=" " tag="100"><subfield code="a">Libowitz, G.G</subfield></datafield><datafield ind1="1" ind2="0" tag="245"><subfield code="a">Materialo-vedenie i problemi energetiki</subfield><subfield code="c">G.g. libowitz (ed.)</subfield></datafield><datafield ind1=" " ind2=" " tag="260"><subfield code="a">Moskva</subfield><subfield code="b">Mir</subfield><subfield code="c">1982</subfield></datafield><datafield ind1=" " ind2=" " tag="300"><subfield code="a">575P</subfield></datafield><datafield ind1=" " ind2=" " tag="500"><subfield code="a">Titlul Original In Limba Engleza: Materials Science In Energy Techology</subfield></datafield><datafield ind1=" " ind2=" " tag="852"><subfield code="a">71643</subfield><subfield code="c">539.4</subfield></datafield><datafield ind1=" " ind2=" " tag="CAT"><subfield code="a">Sys</subfield><subfield code="c">20130129</subfield><subfield code="h">164827</subfield></datafield></record></collection>